@mastersthesis{邢亚楠2021椭圆界面问题的广义有限差分方法,
  title={椭圆界面问题的广义有限差分方法},
  author={邢亚楠},
  year={2021},
  school={青岛大学}
}

@book{brenner2008mathematical,
  title={The mathematical theory of finite element methods},
  author={Brenner, Susanne C and Scott, L Ridgway and Scott, L Ridgway},
  volume={3},
  year={2008},
  publisher={Springer}
}

@book{brenner2007mathematical,
  title={The Mathematical Theory of Finite Element Methods},
  author={Brenner, Susanne and Scott, Ridgway},
  year={2007},
  publisher={Springer Science \& Business Media}
}

@article{王兆清2018不可压缩平面问题的位移,
  title={不可压缩平面问题的位移-压力混合重心插值配点法},
  author={王兆清 and 徐子康 and 李金},
  journal={应用力学学报},
  volume={35},
  number={3},
  pages={631--636},
  year={2018}
}

@article{王兆清2018不规则区域平面弹性问题的正则区域重心插值配点法,
  title={不规则区域平面弹性问题的正则区域重心插值配点法},
  author={王兆清 and 纪思源 and 徐子康 and 李金},
  journal={计算力学学报},
  volume={35},
  number={2},
  pages={195--201},
  year={2018}
}

@article{陈绍春2007平面弹性的一个新的,
  title={平面弹性的一个新的 Locking-free 非协调有限元},
  author={陈绍春 and 肖留超},
  journal={应用数学},
  volume={20},
  number={4},
  pages={739--747},
  year={2007}
}

@article{邵文婷2017求解一类交界面问题的模态基函数谱元法数值实验,
  title={求解一类交界面问题的模态基函数谱元法数值实验},
  author={邵文婷},
  journal={上海第二工业大学学报},
  volume={34},
  number={4},
  pages={283--290},
  year={2017}
}

@article{peet2014legendre,
  title={Legendre spectral element method with nearly incompressible materials},
  author={Peet, YT and Fischer, PF},
  journal={European Journal of Mechanics-A/Solids},
  volume={44},
  pages={91--103},
  year={2014},
  publisher={Elsevier}
}

@article{masud2011variational,
  title={A variational multiscale a posteriori error estimation method for mixed form of nearly incompressible elasticity},
  author={Masud, Arif and Truster, Timothy J and Bergman, Lawrence A},
  journal={Computer Methods in Applied Mechanics and Engineering},
  volume={200},
  number={47-48},
  pages={3453--3481},
  year={2011},
  publisher={Elsevier}
}

@article{auricchio2005analysis,
  title={An analysis of some mixed-enhanced finite element for plane linear elasticity},
  author={Auricchio, Ferdinando and Da Veiga, L Beira͂o and Lovadina, Carlo and Reali, Alessandro},
  journal={Computer Methods in Applied Mechanics and Engineering},
  volume={194},
  number={27-29},
  pages={2947--2968},
  year={2005},
  publisher={Elsevier}
}

@article{hansbo2003discontinuous,
  title={Discontinuous Galerkin and the Crouzeix--Raviart element: application to elasticity},
  author={Hansbo, Peter and Larson, Mats G},
  journal={ESAIM: Mathematical Modelling and Numerical Analysis},
  volume={37},
  number={1},
  pages={63--72},
  year={2003},
  publisher={EDP Sciences}
}
